<?xml version="1.0" encoding="UTF-8"?><collection xmlns="http://www.loc.gov/MARC21/slim"><record><leader>00420nam--2200133-i-4500</leader><controlfield tag="001">000029358</controlfield><controlfield tag="002">20161230</controlfield><controlfield tag="005">20161230201037</controlfield><controlfield tag="008">060222s1000------------r-----000-0-eng-d</controlfield><datafield ind1=" " ind2=" " tag="080"><subfield code="a">621.375.826</subfield></datafield><datafield ind1=" " ind2=" " tag="245"><subfield code="a">Laser. verstarkung durch induzierte emission. sender optischer strahlung hoher koharenz und leistungsdichte</subfield></datafield><datafield ind1=" " ind2=" " tag="260"><subfield code="a">Berlin, Springer-verlag, 1969, Xv + 567p</subfield></datafield><datafield ind1=" " ind2=" " tag="700"><subfield code="a">Kleen, W. Und Muller, R</subfield></datafield><datafield ind1=" " ind2=" " tag="852"><subfield code="a">29884</subfield></datafield></record></collection>